@book{hoyle2021sem,
    title = {Handbook of structural equation modelling},
    author = {Hoyle, Rick H.},
    year = {2012},
    publisher = {The Guilford Press},
    isbn = {978-1-60623-077-0}
}

@article{semopy,
    author = {Anna A. Igolkina and Georgy A. Meshcheryakov},
    title = {semopy: A Python Package for Structural Equation Modeling},
    journal = {Structural Equation Modeling: A Multidisciplinary Journal},
    volume = {27},
    number = {6},
    pages = {952-963},
    year  = {2020},
    publisher = {Routledge},
    doi = {10.1080/10705511.2019.1704289},
    URL = {
    https://doi.org/10.1080/10705511.2019.1704289
    },
    urldate = {2022-01-02}
}

@misc{semopy2,
    title={semopy 2: A Structural Equation Modeling Package with Random Effects in Python},
    author={Georgy A. Meshcheryakov and Anna A. Igolkina and Maria G. Samsonova},
    year={2021},
    eprint={2106.01140},
    archivePrefix={arXiv},
    primaryClass={stat.AP},
    urldate = {2022-01-02}
}

@book{golub2010matMomentsQuadr,
    title = {Matrices, Moments and Quadrature with Applications},
    author = {Golub, Gene H., and Meurant, G.},
    year = {2010},
    publisher = {Princeton University Press},
    address = {Princeton},
    isbn = {978-0-691-14341-5}
}

@book{golub2013matcomput,
  title     = {Matrix Computations. Fourth edition},
  author    = {Golub, Gene H., and Van Loan, Charles F},
  year      = {2013},
  publisher = {The Johns Hopkins University Press},
  address   = {Baltimore},
  isbn		= {978-1-4214-0794-4}
}

@article{ubaru2017fast,
    author = {Ubaru, Shashanka and Chen, Jie and Saad, Yousef},
    title = {Fast Estimation of tr(f(A)) via Stochastic Lanczos Quadrature},
    journal = {SIAM Journal on Matrix Analysis and Applications},
    volume = {38},
    number = {4},
    pages = {1075-1099},
    year = {2017},
    doi = {10.1137/16M1104974},
    URL = {https://doi.org/10.1137/16M1104974},
    urldate = {2022-01-02}
}

@article{dhillon2003orthogonal,
    title={Orthogonal eigenvectors and relative gaps},
    author={Dhillon, Inderjit S and Parlett, Beresford N},
    journal={SIAM Journal on Matrix Analysis and Applications},
    volume={25},
    number={3},
    pages={858--899},
    year={2003},
    publisher={SIAM},
    doi = {10.1137/S0895479800370111}
}

@misc{mezzadri2007generate,
    title={How to generate random matrices from the classical compact groups},
    author={Francesco Mezzadri},
    year={2007},
    eprint={math-ph/0609050},
    archivePrefix={arXiv},
    primaryClass={math-ph}
}
