@book{hoyle2021sem,
    title = {Handbook of structural equation modelling},
    author = {Hoyle, Rick H.},
    year = {2012},
    publisher = {The Guilford Press},
    isbn = {978-1-60623-077-0}
}

@article{semopy,
    author = {Anna A. Igolkina and Georgy A. Meshcheryakov},
    title = {semopy: A Python Package for Structural Equation Modeling},
    journal = {Structural Equation Modeling: A Multidisciplinary Journal},
    volume = {27},
    number = {6},
    pages = {952-963},
    year  = {2020},
    publisher = {Routledge},
    doi = {10.1080/10705511.2019.1704289},
    URL = {
    https://doi.org/10.1080/10705511.2019.1704289
    },
    urldate = {2022-01-02}
}

@misc{semopy2,
    title={semopy 2: A Structural Equation Modeling Package with Random Effects in Python},
    author={Georgy A. Meshcheryakov and Anna A. Igolkina and Maria G. Samsonova},
    year={2021},
    eprint={2106.01140},
    archivePrefix={arXiv},
    primaryClass={stat.AP},
    urldate = {2022-01-02}
}

@misc{lanczos,
    title={Оптимизация вычислений в задаче структурного моделирования уравнениями для биоинформатических приложений},
    author={Зуев, А. and А. Иголкина and М. Г. Самсонова},
    journal = {Биофизика},
    volume = {67},
    number = {3},
    pages = {451-455},
    year  = {2022},
    doi = {10.31857/S0006302922030048},
    URL = {
    https://doi.org/10.31857/S0006302922030048
    },
    urldate = {2022-01-02}
}


