@inproceedings{jeong2019,
 author = {Jeong, Jisoo and Lee, Seungeui and Kim, Jeesoo and Kwak, Nojun},
 booktitle = {Advances in Neural Information Processing Systems},
 editor = {H. Wallach and H. Larochelle and A. Beygelzimer and F. d\textquotesingle Alch\'{e}-Buc and E. Fox and R. Garnett},
 pages = {10759--10768},
 publisher = {Curran Associates, Inc.},
 title = {Consistency-based Semi-supervised Learning for Object detection},
 url = {https://proceedings.neurips.cc/paper/2019/file/d0f4dae80c3d0277922f8371d5827292-Paper.pdf},
 volume = {32},
 year = {2019}
}

@InProceedings{Misra_2015_CVPR,
    author = {Misra, Ishan and Shrivastava, Abhinav and Hebert, Martial},
    title = {Watch and Learn: Semi-Supervised Learning for Object Detectors From Video},
    booktitle = {Proceedings of the IEEE Conference on Computer Vision and Pattern Recognition (CVPR)},
    month = {June},
    year = {2015},
    url = {https://openaccess.thecvf.com/content_cvpr_2015/html/Misra_Watch_and_Learn_2015_CVPR_paper.html}
}
